1111111111111111111111111111111111111111111111111111111111111111111111111
2222222222222222222222222222222222222222222222222222222222222222222222222
3333333333333333333333333333333333333333333333333333333333333333333333333
444444444444444444444444444444444444444444444444444
24154164+487+64+978+958974687984689765498453
984984rt;hlgjre[oigjlrknvgoirgo4rnfl er iruhfiubfvijbefbe
fvfrvrflkvjfhvj fvjwhrifvuheiufvnjhfrvuhroun4 rkvj vu34hgt
